@article{tema,
	title   = "Introducción al método científico en investigación",
	journal = "UNIR ",
	year    = "2018",
	author  = "Ismael Sagredo Olivenza"
}

@article{UNED,
	title   = "El repositorio institucional",
	journal = "UNED: e-Spacio",
	year    = "2012",
	author  = "Bernal, I"
}



@MISC{WEBSITE:1,
	HOWPUBLISHED ="\url{https://www.texstudio.org/}",
	TITLE = "TeXstudio",
	NOTE = "Accessed on 2019-05-06"
}

@MISC{WEBSITE:2,
	HOWPUBLISHED ="\url{https://www.latex-project.org/get/}",
	TITLE = "Latex-Project",
	NOTE = "Accessed on 2019-05-06"
}

@MISC{WEBSITE:3,
	HOWPUBLISHED ="\url{https://www.elsevier.com/authors/author-schemas/latexinstructions/}",
	TITLE = "Elsevier",
	NOTE = "Accessed on 2019-05-06"
}